<?xml version="1.0" encoding="UTF-8"?><collection xmlns="http://www.loc.gov/MARC21/slim"><record><leader>00532nam--2200181-u-4500</leader><controlfield tag="001">000055535</controlfield><controlfield tag="002">20161230</controlfield><controlfield tag="005">20161230201052</controlfield><controlfield tag="008">130220s1000------------r-----000-0-eng-d</controlfield><datafield ind1=" " ind2=" " tag="040"><subfield code="a">IFIN-HH</subfield></datafield><datafield ind1=" " ind2=" " tag="080"><subfield code="a">621.52:413</subfield></datafield><datafield ind1="1" ind2=" " tag="100"><subfield code="a">Bibbero, Robert J</subfield></datafield><datafield ind1="1" ind2="0" tag="245"><subfield code="a">Dictionary pf automatic control</subfield><subfield code="b">With a foreword by theodore k. steele</subfield><subfield code="c">Robert j. bibbero</subfield></datafield><datafield ind1=" " ind2=" " tag="260"><subfield code="a">New York</subfield><subfield code="b">Reinhold Publishing Corporation</subfield><subfield code="c">1960</subfield></datafield><datafield ind1=" " ind2=" " tag="300"><subfield code="a">282P</subfield></datafield><datafield ind1=" " ind2=" " tag="490"><subfield code="a">Automatic Control Library</subfield></datafield><datafield ind1=" " ind2=" " tag="852"><subfield code="a">D.215</subfield><subfield code="c">SLT</subfield></datafield><datafield ind1=" " ind2=" " tag="CAT"><subfield code="a">Sys</subfield><subfield code="c">20130220</subfield><subfield code="h">123322</subfield></datafield></record></collection>